@article{granite,
    author = {D.g.Stephenson},
    title = {A Procedure for Determining the Thermal Diffusivity of Materials},
    year = 1987,
    journal = {Journal of Building Physics},
    urldate = {2016-1-30},
    url = {http://jen.sagepub.com/content/10/4/236.abstract}
}

@misc{air,
    title = {Dry Air Properties},
    author = {The Engineering Toolbox},
    urldate = {2016-1-30},
    url = {http://www.engineeringtoolbox.com/dry-air-properties-d_973.html}
},

@misc{water,
    title = {Thermal diffusivity},
    journal = {Wikipedia},
    url = {https://en.wikipedia.org/wiki/Thermal_diffusivity},
    urldate = {2016-1-30}
},

@misc{seawater,
    title = {Physical properties of sea water 2.7.9},
    publisher = {National Physical Labratory},
    url = {http://www.kayelaby.npl.co.uk/general_physics/2_7/2_7_9.html},
    urldate = {2016-1-30}
},

@misc {convection-diffusion,
title = {Convection-diffusion equation},
    journal = {Wikipedia},
    url = { https://en.wikipedia.org/wiki/Convection-deffusion_equation},
    urldate = {2016-1-31}
}

@book{
   title = {Numerical Methods for Partial Differential Equations},
   author = {William F. Ames},
   publisher = {Academic Press,Inc.},
   address = {11 Fifth Avenue, New York, New York 10003},
   year = {1977}
}

@book{
   title = {Fluid Mechanics},
   edition= {2nd edition},
   author = {L. D. Landau and E. M. Lifshitz},
   publisher = {Pergamon Press,},
   address = {Maxwell House, Fairview Park, Elmsford, New York 10523, U.S.A},
   year = {1987}
}

@book{
   title = {Partial Differential Equations for Computational Science},
   author = {David Betounes},
   publisher = {Springer-Verlag New York, Inc},
   year = {1998}
}


